%% This BibTeX bibliography file was created using BibDesk.
%% http://bibdesk.sourceforge.net/

%% Saved with string encoding Unicode (UTF-8) 


@ONLINE{insomnia,
	editor = {Insomnia},
	title =  {Insomnia REST Client}, 
	location = {Canada},
	publisher = {insomnia},
	pagetotal = {60}, 
	url = {https://insomnia.rest/},
	urldate = {2019-04-01}
}

@ONLINE{openapi3,
	title =  {OpenAPI-Specification}, 
	location = {Canada},
	publisher = {OpenAPI Initiative},
	url = {https://swagger.io/},
	urldate = {2019-04-01}
}

@ONLINE{swagger,
	title =  {Swagger}, 
	publisher = {SmartBear Software},
	url = {https://github.com/OAI/OpenAPI-Specification},
	urldate = {2019-04-01}
}


@ONLINE{webstarter,
	title =  {Spring Boot Web Starter}, 
	publisher = {Pivotal},
	url = {https://mvnrepository.com/artifact/org.springframework.boot/spring-boot-starter-web},
	urldate = {2019-04-01}
}


@ONLINE{tomcat,
	title =  {Apache Tomcat}, 
	publisher = {The Apache Software Foundation },
	url = {http://tomcat.apache.org/},
	urldate = {2019-04-01}
}




@ONLINE{initializr,
	editor = {Pivotal},
	editortype={compiler},
	title =  {Spring Initializr}, 
	subtitle = {}, 
	location = {US},
	publisher = {Pivotal},
	date = {2019-04-01},
	pagetotal = {60}, 
	url = {https://start.spring.io/},
	urldate = {2019-04-01}
}

@ARTICLE{petri50years,
	author = {ManuelSilva},
	title =  {50 years after the PhD thesis of Carl Adam Petri: A perspective}, 
	volume = {45},
	issue = {29},
	year = {2012},
	pages = {13-20},
	url = {https://www.sciencedirect.com/science/article/pii/S1474667015401430},
	langid= {english}
	
}


@ARTICLE{petriflow_clanok,
	author = {Milan Mladoniczky, Gabriel Juhás, Juraj Mazári, Tomáš Gazo, Martin Makán},
	title = {Petriflow: Rapid language for modelling Petri nets with roles and data fields},
	volume = {45},
	year = {2017},
	pages = {45-50},
	url = {https://core.ac.uk/download/pdf/13672809.pdf#page=52},
}



